
@ARTICLE{balbus91,
  author =	"Balbus, Steven A., Hawley, John F.",
  title =	"Article Title",
  journal =	"ApJ",
  volume =	"14",
  pages =	"766--773",
  year =	"1991"
  }

@ARTICLE{balbus98,
  author =	"A. Balbus",
  title =	"Article Title",
  journal =	"ApJ",
  volume =	"14",
  pages =	"766--773",
  year =	"1998"
  }
  
@ARTICLE{blaes94,
  author =	"A. Blaes",
  title =	"Article Title",
  journal =	"ApJ",
  volume =	"14",
  pages =	"766--773",
  year =	"1994"
  }
  
@ARTICLE{gammie98,
  author =	"A. Gammie",
  title =	"Article Title",
  journal =	"ApJ",
  volume =	"14",
  pages =	"766--773",
  year =	"1998"
  }
  
@ARTICLE{menou01,
  author =	"A. Menou",
  title =	"Article Title",
  journal =	"ApJ",
  volume =	"14",
  pages =	"766--773",
  year =	"2001"
  }
  
@ARTICLE{armitage11,
  author =	"A. Armitage",
  title =	"Article Title",
  journal =	"ApJ",
  volume =	"14",
  pages =	"766--773",
  year =	"2011"
  }
  
@ARTICLE{turner14,
  author =	"A. Turner",
  title =	"Article Title",
  journal =	"ApJ",
  volume =	"14",
  pages =	"766--773",
  year =	"2014"
  }
  
@ARTICLE{gammie96,
  author =	"A. Gammie",
  title =	"Article Title",
  journal =	"ApJ",
  volume =	"14",
  pages =	"766--773",
  year =	"1996"
  }
  
@ARTICLE{fleming03,
  author =	"A. Fleming",
  title =	"Article Title",
  journal =	"ApJ",
  volume =	"14",
  pages =	"766--773",
  year =	"2003"
  }
  
@ARTICLE{shakura73,
  author =	"A. Shakura",
  title =	"Article Title",
  journal =	"ApJ",
  volume =	"14",
  pages =	"766--773",
  year =	"1973"
  }
  
@ARTICLE{martin11,
  author =	"A. Martin",
  title =	"Article Title",
  journal =	"ApJ",
  volume =	"14",
  pages =	"766--773",
  year =	"2011"
  }
  
@ARTICLE{armitage01,
  author =	"A. Armitage",
  title =	"Article Title",
  journal =	"ApJ",
  volume =	"14",
  pages =	"766--773",
  year =	"2001"
  }
  
@ARTICLE{zhu09,
  author =	"A. Zhu",
  title =	"Article Title",
  journal =	"ApJ",
  volume =	"14",
  pages =	"766--773",
  year =	"2009"
  }
  
@ARTICLE{ida08,
  author =	"A. Ida",
  title =	"Article Title",
  journal =	"ApJ",
  volume =	"14",
  pages =	"766--773",
  year =	"2008"
  }
  
@ARTICLE{gressel11,
  author =	"A. Gressel",
  title =	"Article Title",
  journal =	"ApJ",
  volume =	"14",
  pages =	"766--773",
  year =	"2011"
  }
  
@ARTICLE{gressel12,
  author =	"A. Gressel",
  title =	"Article Title",
  journal =	"ApJ",
  volume =	"14",
  pages =	"766--773",
  year =	"2012"
  }
  
@ARTICLE{okuzumi13,
  author =	"A. Okuzumi",
  title =	"Article Title",
  journal =	"ApJ",
  volume =	"14",
  pages =	"766--773",
  year =	"2013"
  }
  
@ARTICLE{balbus01,
  author =	"A. Balbus",
  title =	"Article Title",
  journal =	"ApJ",
  volume =	"14",
  pages =	"766--773",
  year =	"2001"
  }
  
@ARTICLE{kunz04,
  author =	"A. Kunz",
  title =	"Article Title",
  journal =	"ApJ",
  volume =	"14",
  pages =	"766--773",
  year =	"2004"
  }
  
@ARTICLE{xu15,
  author =	"A. Xu",
  title =	"Article Title",
  journal =	"ApJ",
  volume =	"14",
  pages =	"766--773",
  year =	"2015"
  }
  
@ARTICLE{simon13a,
  author =	"A. Simon",
  title =	"Article Title",
  journal =	"ApJ",
  volume =	"14",
  pages =	"766--773",
  year =	"2013"
  }
  
@ARTICLE{simon13b,
  author =	"A. Simon",
  title =	"Article Title",
  journal =	"ApJ",
  volume =	"14",
  pages =	"766--773",
  year =	"2013"
  }
  
@ARTICLE{lesur14,
  author =	"A. Lesur",
  title =	"Article Title",
  journal =	"ApJ",
  volume =	"14",
  pages =	"766--773",
  year =	"2014"
  }
  
@ARTICLE{bai14,
  author =	"A. Bai",
  title =	"Article Title",
  journal =	"ApJ",
  volume =	"14",
  pages =	"766--773",
  year =	"2014"
  }
  
@ARTICLE{simon15,
  author =	"A. Simon",
  title =	"Article Title",
  journal =	"ApJ",
  volume =	"14",
  pages =	"766--773",
  year =	"2015"
  }
  
@ARTICLE{bai13,
  author =	"A. Bai",
  title =	"Article Title",
  journal =	"ApJ",
  volume =	"14",
  pages =	"766--773",
  year =	"2013"
  }
  
@ARTICLE{okuzumi11,
  author =	"A. Okuzumi",
  title =	"Article Title",
  journal =	"ApJ",
  volume =	"14",
  pages =	"766--773",
  year =	"2011"
  }
  
@ARTICLE{hawley95,
  author =	"A. Hawley",
  title =	"Article Title",
  journal =	"ApJ",
  volume =	"14",
  pages =	"766--773",
  year =	"1995"
  }
  
@ARTICLE{simon13,
  author =	"A. Simon",
  title =	"Article Title",
  journal =	"ApJ",
  volume =	"14",
  pages =	"766--773",
  year =	"2013"
  }
  
@ARTICLE{stone10,
  author =	"A. Stone",
  title =	"Article Title",
  journal =	"ApJ",
  volume =	"14",
  pages =	"766--773",
  year =	"2010"
  }
  
@ARTICLE{stone08,
  author =	"A. Stone",
  title =	"Article Title",
  journal =	"ApJ",
  volume =	"14",
  pages =	"766--773",
  year =	"2008"
  }
  
@ARTICLE{salvesen16,
  author =	"A. Salvasen",
  title =	"Article Title",
  journal =	"ApJ",
  volume =	"14",
  pages =	"766--773",
  year =	"2016"
  }
  
@ARTICLE{bai13b,
  author =	"A. Bai",
  title =	"Article Title",
  journal =	"ApJ",
  volume =	"14",
  pages =	"766--773",
  year =	"2013"
  }
  
@ARTICLE{igea99,
  author =	"A. Igea",
  title =	"Article Title",
  journal =	"ApJ",
  volume =	"14",
  pages =	"766--773",
  year =	"1999"
  }
  
@ARTICLE{perezbecker11,
  author =	"A. Perezbecker",
  title =	"Article Title",
  journal =	"ApJ",
  volume =	"14",
  pages =	"766--773",
  year =	"2011"
  }
  
@ARTICLE{bai11,
  author =	"A. Bai",
  title =	"Article Title",
  journal =	"ApJ",
  volume =	"14",
  pages =	"766--773",
  year =	"2011"
  }
  
@ARTICLE{sano99,
  author =	"A. Sano",
  title =	"Article Title",
  journal =	"ApJ",
  volume =	"14",
  pages =	"766--773",
  year =	"1999"
  }
  
@ARTICLE{simon09,
  author =	"A. Simon",
  title =	"Article Title",
  journal =	"ApJ",
  volume =	"14",
  pages =	"766--773",
  year =	"2009"
  }
  
@ARTICLE{guan09,
  author =	"A. Guan",
  title =	"Article Title",
  journal =	"ApJ",
  volume =	"14",
  pages =	"766--773",
  year =	"2009"
  }
  
@ARTICLE{simon12,
  author =	"A. Simon",
  title =	"Article Title",
  journal =	"ApJ",
  volume =	"14",
  pages =	"766--773",
  year =	"2012"
  }
  
@ARTICLE{lubow93,
  author =	"A. Lubow",
  title =	"Article Title",
  journal =	"ApJ",
  volume =	"14",
  pages =	"766--773",
  year =	"1993"
  }
  
@ARTICLE{ogilvie98,
  author =	"A. Ogilvie",
  title =	"Article Title",
  journal =	"ApJ",
  volume =	"14",
  pages =	"766--773",
  year =	"1993"
  }
  
@ARTICLE{oishi99,
  author =	"A. Oishi",
  title =	"Article Title",
  journal =	"ApJ",
  volume =	"14",
  pages =	"766--773",
  year =	"1999"
  }
  
@ARTICLE{lambrechts12,
  author =	"A. Lambrechts",
  title =	"Article Title",
  journal =	"ApJ",
  volume =	"14",
  pages =	"766--773",
  year =	"2012"
  }
  
@ARTICLE{zhu15,
  author =	"A. Zhu",
  title =	"Article Title",
  journal =	"ApJ",
  volume =	"14",
  pages =	"766--773",
  year =	"2015"
  }
  
@ARTICLE{oishi09,
  author =	"A. Oishi",
  title =	"Article Title",
  journal =	"ApJ",
  volume =	"14",
  pages =	"766--773",
  year =	"2009"
  }
  
@ARTICLE{desch04,
  author =	"A. Desch",
  title =	"Article Title",
  journal =	"ApJ",
  volume =	"14",
  pages =	"766--773",
  year =	"2004"
  }
    
@ARTICLE{wardle07,
  author =	"A. Wardle",
  title =	"Article Title",
  journal =	"ApJ",
  volume =	"14",
  pages =	"766--773",
  year =	"2007"
  }
    
@ARTICLE{evans88,
  author =	"A. Evans",
  title =	"Article Title",
  journal =	"ApJ",
  volume =	"14",
  pages =	"766--773",
  year =	"1988"
  }
    
@ARTICLE{colella84,
  author =	"A. Colella",
  title =	"Article Title",
  journal =	"ApJ",
  volume =	"14",
  pages =	"766--773",
  year =	"1984"
  }
    
@ARTICLE{miyoshi05,
  author =	"A. Miyoshi",
  title =	"Article Title",
  journal =	"ApJ",
  volume =	"14",
  pages =	"766--773",
  year =	"2005"
  }
    
@ARTICLE{mignone07,
  author =	"A. Mignone",
  title =	"Article Title",
  journal =	"ApJ",
  volume =	"14",
  pages =	"766--773",
  year =	"2007"
  }
    
@ARTICLE{gardiner05,
  author =	"A. Gardiner",
  title =	"Article Title",
  journal =	"ApJ",
  volume =	"14",
  pages =	"766--773",
  year =	"2005"
  }
    
@ARTICLE{gardiner08,
  author =	"A. Gardiner",
  title =	"Article Title",
  journal =	"ApJ",
  volume =	"14",
  pages =	"766--773",
  year =	"2008"
  }
    
@ARTICLE{terquem08,
  author =	"A. Terquem",
  title =	"Article Title",
  journal =	"ApJ",
  volume =	"14",
  pages =	"766--773",
  year =	"2008"
  }
    
@ARTICLE{martin14,
  author =	"A. Martin",
  title =	"Article Title",
  journal =	"ApJ",
  volume =	"14",
  pages =	"766--773",
  year =	"2014"
  }

  